<?xml version="1.0" encoding="UTF-8"?><collection xmlns="http://www.loc.gov/MARC21/slim"><record><leader>00610nam--2200181-i-4500</leader><controlfield tag="001">000044873</controlfield><controlfield tag="002">20161230</controlfield><controlfield tag="005">20161230201044</controlfield><controlfield tag="008">060222s1000------------r-----000-0-eng-d</controlfield><datafield ind1=" " ind2=" " tag="020"><subfield code="a">0080270956</subfield></datafield><datafield ind1=" " ind2=" " tag="040"><subfield code="a">IFIN-HH</subfield></datafield><datafield ind1=" " ind2=" " tag="080"><subfield code="a">539.12.047:615.849:616-07:621.039.85(061.3)</subfield></datafield><datafield ind1="1" ind2=" " tag="100"><subfield code="a">Thorell,I</subfield></datafield><datafield ind1="1" ind2="0" tag="245"><subfield code="a">Radioimmunoassay design and quality control</subfield><subfield code="b">Precongress teaching course presented in conjuction with the world congress of nuclear medicine and biology</subfield><subfield code="c">I. thorell (ed.)</subfield></datafield><datafield ind1=" " ind2=" " tag="260"><subfield code="a">Oxford</subfield><subfield code="b">Pergamon Press</subfield><subfield code="c">1983</subfield></datafield><datafield ind1=" " ind2=" " tag="300"><subfield code="a">145P</subfield></datafield><datafield ind1=" " ind2=" " tag="852"><subfield code="a">71050</subfield><subfield code="c">539.12.04</subfield></datafield><datafield ind1=" " ind2=" " tag="CAT"><subfield code="a">Sys</subfield><subfield code="c">20120210</subfield><subfield code="h">122336</subfield></datafield></record></collection>